<record><leader>00000cas a22000007a 4500</leader><controlfield tag="001">12086474</controlfield><controlfield tag="008">850528d18971943wiuwr ne      0    0eng d</controlfield><datafield ind1=" " ind2=" " tag="010"><subfield code="a">sn 85040642 </subfield></datafield><datafield ind1=" " ind2=" " tag="040"><subfield code="a">NPV</subfield><subfield code="b">eng</subfield><subfield code="c">NPV</subfield><subfield code="d">OCLCQ</subfield></datafield><datafield ind1=" " ind2=" " tag="042"><subfield code="a">msc</subfield></datafield><datafield ind1=" " ind2=" " tag="045"><subfield code="a">w9x4</subfield></datafield><datafield ind1=" " ind2=" " tag="052"><subfield code="a">4123</subfield><subfield code="b">W7</subfield></datafield><datafield ind1="0" ind2=" " tag="130"><subfield code="a">Hancock news (Hancock, Wis. : 1897)</subfield></datafield><datafield ind1="1" ind2="4" tag="245"><subfield code="a">The Hancock news.</subfield></datafield><datafield ind1="1" ind2="3" tag="246"><subfield code="a">Coloma news</subfield></datafield><datafield ind1="1" ind2="3" tag="246"><subfield code="a">Hancock-Coloma news</subfield><subfield code="f">May 29, 1931-Mar. 11, 1943</subfield></datafield><datafield ind1=" " ind2=" " tag="260"><subfield code="a">Hancock, Waushara County, Wis. :</subfield><subfield code="b">News Pub. Co.,</subfield><subfield code="c">1897-1943.</subfield></datafield><datafield ind1=" " ind2=" " tag="300"><subfield code="a">46 v. :</subfield><subfield code="b">ill.</subfield></datafield><datafield ind1=" " ind2=" " tag="310"><subfield code="a">Weekly</subfield></datafield><datafield ind1="0" ind2=" " tag="362"><subfield code="a">Vol. 1, no. 1 (Dec. 3, 1897)-v. 46, no. 19 (Mar. 11, 1943).</subfield></datafield><datafield ind1=" " ind2=" " tag="500"><subfield code="a">Added t.p.: The Coloma news, June 3, 1910-Mar. 11, 1943.</subfield></datafield><datafield ind1=" " ind2=" " tag="500"><subfield code="a">Title on publisher statement: Hancock-Coloma news, May 29, 1931-Mar. 11, 1943.</subfield></datafield><datafield ind1=" " ind2=" " tag="500"><subfield code="a">Editor: W.H. Fields, Dec. 1897-Apr. 1898.--R.L. Thompson, Apr. 1898-Jan. 1900.--R.L. Thompson, F.P. Collins, Feb. 1900-June 1901.--R.L. Thompson, June 1901-Apr. 1942.--O.C. Adams, Apr. 1942-Mar. 1943.</subfield></datafield><datafield ind1=" " ind2=" " tag="530"><subfield code="a">Available on microfilm from The State Historical Society of Wisconsin.</subfield></datafield><datafield ind1=" " ind2=" " tag="752"><subfield code="a">United States</subfield><subfield code="b">Wisconsin</subfield><subfield code="c">Waushara</subfield><subfield code="d">Hancock.</subfield></datafield><datafield ind1=" " ind2=" " tag="752"><subfield code="a">United States</subfield><subfield code="b">Wisconsin</subfield><subfield code="c">Waushara</subfield><subfield code="d">Coloma.</subfield></datafield><datafield ind1="0" ind2="0" tag="785"><subfield code="t">Hancock-Coloma news</subfield><subfield code="w">(DLC)sn 85040633</subfield></datafield><datafield ind1="1" ind2=" " tag="029"><subfield code="a">AU@</subfield><subfield code="b">000025292772</subfield></datafield></record>